<record><leader>00000cas a22000007a 4500</leader><controlfield tag="001">1569520</controlfield><controlfield tag="008">750824d19001941mnuwr ne      0    0eng d</controlfield><datafield ind1=" " ind2=" " tag="010"><subfield code="a">sn 91059351 </subfield></datafield><datafield ind1=" " ind2=" " tag="040"><subfield code="a">MUL</subfield><subfield code="b">eng</subfield><subfield code="c">MUL</subfield><subfield code="d">OCL</subfield><subfield code="d">MN#</subfield><subfield code="d">OCLCQ</subfield><subfield code="d">OCLCF</subfield><subfield code="d">OCLCO</subfield></datafield><datafield ind1=" " ind2=" " tag="042"><subfield code="a">msc</subfield></datafield><datafield ind1=" " ind2=" " tag="043"><subfield code="a">n-us-mn</subfield></datafield><datafield ind1=" " ind2=" " tag="052"><subfield code="a">4144</subfield><subfield code="b">B59</subfield></datafield><datafield ind1=" " ind2=" " tag="052"><subfield code="a">4143</subfield><subfield code="b">B4</subfield></datafield><datafield ind1="0" ind2="4" tag="245"><subfield code="a">The Foley independent.</subfield></datafield><datafield ind1=" " ind2=" " tag="260"><subfield code="a">Foley, Benton County, Minn. :</subfield><subfield code="b">W.A. Farrington &amp; Co.,</subfield><subfield code="c">-1941.</subfield></datafield><datafield ind1=" " ind2=" " tag="300"><subfield code="a">v.</subfield></datafield><datafield ind1=" " ind2=" " tag="310"><subfield code="a">Weekly</subfield></datafield><datafield ind1="1" ind2=" " tag="362"><subfield code="a">Began in Feb. 1900.</subfield></datafield><datafield ind1="0" ind2=" " tag="362"><subfield code="a">-v. 42, no. 31 (Oct. 30, 1941).</subfield></datafield><datafield ind1=" " ind2=" " tag="530"><subfield code="a">Available on microfilm from the Minnesota Historical Society.</subfield></datafield><datafield ind1=" " ind2=" " tag="588"><subfield code="a">Description based on: Vol. 2, no. 11 (Apr. 19, 1901).</subfield></datafield><datafield ind1=" " ind2="0" tag="651"><subfield code="a">Foley (Minn.)</subfield><subfield code="v">Newspapers.</subfield></datafield><datafield ind1=" " ind2="7" tag="655"><subfield code="a">Newspapers.</subfield><subfield code="2">fast</subfield><subfield code="0">(OCoLC)fst01423814</subfield></datafield><datafield ind1=" " ind2="7" tag="651"><subfield code="a">Minnesota</subfield><subfield code="z">Foley.</subfield><subfield code="2">fast</subfield><subfield code="0">(OCoLC)fst01261303</subfield></datafield><datafield ind1=" " ind2=" " tag="752"><subfield code="a">United States</subfield><subfield code="b">Minnesota</subfield><subfield code="c">Benton</subfield><subfield code="d">Foley.</subfield></datafield><datafield ind1="0" ind2="5" tag="780"><subfield code="t">Oak Park leader</subfield><subfield code="w">(DLC)sn 91059352</subfield></datafield><datafield ind1="0" ind2="4" tag="785"><subfield code="t">Benton County news (Foley, Minn.)</subfield><subfield code="w">(DLC)sn 91059349</subfield></datafield></record>